@Misc{CGC,
  author = {DARPA},
  title   = "{Cyber Grand Challenge}",
  howpublished  = {URL: https://archive.darpa.mil/CyberGrandChallenge/}
}

@Misc{ctf,
  author = {Wikipedia},
  title   = "{Capture the flag}",
  howpublished  = {URL: https://en.wikipedia.org/wiki/Capture\_the\_flag}
}

@Misc{live-analysis,
  author = {Wikipedia},
  title   = "{Live variable analysis}",
  howpublished  = {URL: https://en.wikipedia.org/wiki/Live\_variable\_analysis}
}


@Misc{openvpn,
  author = {Wikipedia},
  title   = "{OpenVPN}",
  howpublished  = {URL: https://en.wikipedia.org/wiki/OpenVPN}
}

@Misc{code-bloat,
  author = {wikipedia},
  title   = "{Code bloat}",
  howpublished  = {URL: https://en.wikipedia.org/wiki/Code\_bloat}
}


@InProceedings{LLVM,
    author    = {Chris Lattner and Vikram Adve},
    title     = "{LLVM: A Compilation Framework for Lifelong Program Analysis \& Transformation}",
    booktitle = "{Proceedings of the 2004 International Symposium on Code Generation and Optimization (CGO '04)}",
    address   = {Palo Alto, California},
    year      = {2004}
}

@inproceedings{wenfei-1,
	author = {Wu, Wenfei and Zhang, Ying and Banerjee, Sujata},
	title = {Automatic Synthesis of NF Models by Program Analysis},
	booktitle = {Proceedings of the 15th ACM Workshop on Hot Topics in Networks (HotNets '16)},
	year = {2016},
	address = {New York, NY, USA},
} 



@inproceedings{QSYM,
 author = {Yun, Insu and Lee, Sangho and Xu, Meng and Jang, Yeongjin and Kim, Taesoo},
 title = {QSYM: A Practical Concolic Execution Engine Tailored for Hybrid Fuzzing},
 booktitle = {Proceedings of the 27th USENIX Conference on Security Symposium (Usenix Security '18)},
 year = {2018},
 address = {Berkeley, CA, USA},
} 

@inproceedings{Driller,
 author = {Stephens, Nick and Grosen, John and Salls, Christopher and Dutcher, Andrew and Wang, Ruoyu and Corbetta, Jacopo and Shoshitaishvili, Yan and Kruegel, Christopher and Vigna, Giovanni},
 year = {2016},
 title = {Driller: Augmenting Fuzzing Through Selective Symbolic Execution},
 booktitle = {Proceedings of the 2016 Annual Network and Distributed System Security Symposium (NDSS '16)},
 address = {San Diego, CA, USA},
}

@inproceedings{VUzzer,
 author = {Rawat, Sanjay and Jain, Vivek and Kumar, Ashish and Cojocar, Lucian and Giuffrida, Cristiano and Bos, Herbert},
 year = {2017},
 title = {VUzzer: Application-aware Evolutionary Fuzzing},
 booktitle = {Proceedings of the 2017 Annual Network and Distributed System Security Symposium (NDSS '17)},
 address = {San Diego, CA, USA},
}

@inproceedings {DEEPVSA,
  author = {Guo, Wenbo and Mu, Dongliang and Xing, Xinyu and Du, Min and Song, Dawn},
  title = {{DEEPVSA}: Facilitating Value-set Analysis with Deep Learning for Postmortem Program Analysis},
  booktitle = {Proceedings of the 28th USENIX Security Symposium (Usenix Security '19)},
  year = {2019},
  address = {Santa Clara, CA},
}

@inproceedings{VSA,
  title={Analyzing Memory Accesses in x86 Executables},
  author={Gogul Balakrishnan and Thomas W. Reps},
  booktitle={Proceedings of the 13th International Conference on Compiler Construction (CC '2004)},
  year={2004},
  address={Berlin, Heidelberg},
}


@article{scalar-1,
 author = {Bachmann, Olaf and Wang, Paul and Zima, Eugene},
 year = {1995},
 title = {Chains of Recurrences - a method to expedite the evaluation of closed-form functions},
 journal = {International Symposium on Symbolic and Algebraic Computing},
}

@inproceedings{scalar-2,
 author = {Zima, Eugene V.},
 title = {On Computational Properties of Chains of Recurrences},
 booktitle = {Proceedings of the 2001 International Symposium on Symbolic and Algebraic Computation (ISSAC '01)},
 year = {2001},
 address = {New York, NY, USA},
} 

@Misc{scalar-3,
  author = {LLVM},
  title   = "{LLVMâ€™s Analysis and Transform Passes}",
  howpublished  = {URL: https://llvm.org/docs/Passes.html}
}

@article{cdg,

   author = {Ferrante, Jeanne and Ottenstein, Karl J. and Warren, Joe D.},
   title = {The Program Dependence Graph and Its Use in Optimization},
   journal = {ACM Trans. Program. Lang. Syst.},
   year = {1987},
   address = {New York, NY, USA},
} 


@inproceedings{klee,
 author = {Cadar, Cristian and Dunbar, Daniel and Engler, Dawson},
 title = {KLEE: Unassisted and Automatic Generation of High-coverage Tests for Complex Systems Programs},
 booktitle = {Proceedings of the 8th USENIX Conference on Operating Systems Design and Implementation (OSDI '08)},
 year = {2008},
 address = {Berkeley, CA, USA},
} 

@inproceedings{S2E,
 author = {Chipounov, Vitaly and Kuznetsov, Volodymyr and Candea, George},
 title = {S2E: A Platform for In-vivo Multi-path Analysis of Software Systems},
 booktitle = {Proceedings of the Sixteenth International Conference on Architectural Support for Programming Languages and Operating Systems (ASPLOS '11)},
 year = {2011},
 address = {New York, NY, USA},
} 


@inproceedings{code-bloat-study,
 author = {Quach, Anh and Erinfolami, Rukayat and Demicco, David and Prakash, Aravind},
 title = {A Multi-OS Cross-Layer Study of Bloating in User Programs, Kernel and Managed Execution Environments},
 booktitle = {Proceedings of the 2017 Workshop on Forming an Ecosystem Around Software Transformation (FEAST '17)},
 year = {2017},
 address = {New York, NY, USA},
} 

@inproceedings{protocol-mao,
 author = {Hong, David Ke and Chen, Qi Alfred and Mao, Z. Morley},
 title = {An Initial Investigation of Protocol Customization},
 booktitle = {Proceedings of the 2017 Workshop on Forming an Ecosystem Around Software Transformation (FEAST '17)},
 year = {2017},
 address = {New York, NY, USA},
} 

@inproceedings{BloatFSE2008,
 author = {Dufour, Bruno and Ryder, Barbara G. and Sevitsky, Gary},
 title = {A Scalable Technique for Characterizing the Usage of Temporaries in Framework-intensive Java Applications},
 booktitle = {Proceedings of the 16th ACM SIGSOFT International Symposium on Foundations of Software Engineering (FSE '08)},
 year = {2008},
 address = {New York, NY, USA},
} 


@inproceedings{XuBloatPLDI2009,
 author = {Xu, Guoqing and Arnold, Matthew and Mitchell, Nick and Rountev, Atanas and Sevitsky, Gary},
 title = {Go with the Flow: Profiling Copies to Find Runtime Bloat},
 booktitle = {Proceedings of the 30th ACM SIGPLAN Conference on Programming Language Design and Implementation (PLDI '09)},
 year = {2009},
 address = {New York, NY, USA},
} 

@inproceedings{XuBloatPLDI2010,
 author = {Xu, Guoqing and Rountev, Atanas},
 title = {Detecting Inefficiently-used Containers to Avoid Bloat},
 booktitle = {Proceedings of the 31st ACM SIGPLAN Conference on Programming Language Design and Implementation (PLDI '10)},
 year = {2010},
 address = {New York, NY, USA},
} 



@inproceedings{Reusable,
 author = {Xu, Guoqing},
 title = {Finding Reusable Data Structures},
 booktitle = {Proceedings of the ACM International Conference on Object Oriented Programming Systems Languages and Applications (OOPSLA '12)},
 year = {2012},
 address = {New York, NY, USA},
} 

@inproceedings{Cachetor,
 author = {Nguyen, Khanh and Xu, Guoqing},
 title = {Cachetor: Detecting Cacheable Data to Remove Bloat},
 booktitle = {Proceedings of the 2013 9th Joint Meeting on Foundations of Software Engineering (FSE '13)},
 year = {2013},
 address = {New York, NY, USA},
} 

@inproceedings{container-debloating-1,
 author = {Rastogi, Vaibhav and Niddodi, Chaitra and Mohan, Sibin and Jha, Somesh},
 title = {New Directions for Container Debloating},
 booktitle = {Proceedings of the 2017 Workshop on Forming an Ecosystem Around Software Transformation (FEAST '17)},
 year = {2017},
 address = {New York, NY, USA},
} 

@inproceedings{container-debloating-2,
 author = {Rastogi, Vaibhav and Davidson, Drew and De Carli, Lorenzo and Jha, Somesh and McDaniel, Patrick},
 title = {Cimplifier: Automatically Debloating Containers},
 booktitle = {Proceedings of the 2017 11th Joint Meeting on Foundations of Software Engineering (FSE '17)},
 year = {2017},
 address = {New York, NY, USA},
} 

@INPROCEEDINGS{dinghao-1, 
 author={Y. Jiang and D. Wu and P. Liu}, 
 title={JRed: Program Customization and Bloatware Mitigation Based on Static Analysis}, 
 booktitle = {IEEE 40th Annual Computer Software and Applications Conference (COMPSAC '16)},
 year={2016}, 
}


@inproceedings{mai2011debugging,
  title={Debugging the data plane with anteater},
  author={Mai, Haohui and Khurshid, Ahmed and Agarwal, Rachit and Caesar, Matthew and Godfrey, P and King, Samuel Talmadge},
  booktitle={ACM SIGCOMM Computer Communication Review},
  volume={41},
  number={4},
  pages={290--301},
  year={2011},
  organization={ACM}
}
@inproceedings{khurshid2013veriflow,
  title={Veriflow: Verifying network-wide invariants in real time},
  author={Khurshid, Ahmed and Zou, Xuan and Zhou, Wenxuan and Caesar, Matthew and Godfrey, P Brighten},
  booktitle={Presented as part of the 10th $\{$USENIX$\}$ Symposium on Networked Systems Design and Implementation ($\{$NSDI$\}$ 13)},
  pages={15--27},
  year={2013}
}

@inproceedings{kazemian2012header,
  title={Header space analysis: Static checking for networks},
  author={Kazemian, Peyman and Varghese, George and McKeown, Nick},
  booktitle={Presented as part of the 9th $\{$USENIX$\}$ Symposium on Networked Systems Design and Implementation ($\{$NSDI$\}$ 12)},
  pages={113--126},
  year={2012}
}
@inproceedings{kazemian2013real,
  title={Real time network policy checking using header space analysis},
  author={Kazemian, Peyman and Chang, Michael and Zeng, Hongyi and Varghese, George and McKeown, Nick and Whyte, Scott},
  booktitle={Presented as part of the 10th $\{$USENIX$\}$ Symposium on Networked Systems Design and Implementation ($\{$NSDI$\}$ 13)},
  pages={99--111},
  year={2013}
}

@inproceedings{fayaz2016buzz,
  title={$\{$BUZZ$\}$: Testing Context-Dependent Policies in Stateful Networks},
  author={Fayaz, Seyed K and Yu, Tianlong and Tobioka, Yoshiaki and Chaki, Sagar and Sekar, Vyas},
  booktitle={13th $\{$USENIX$\}$ Symposium on Networked Systems Design and Implementation ($\{$NSDI$\}$ 16)},
  pages={275--289},
  year={2016}
}

@inproceedings{panda2017verifying,
  title={Verifying reachability in networks with mutable datapaths},
  author={Panda, Aurojit and Lahav, Ori and Argyraki, Katerina and Sagiv, Mooly and Shenker, Scott},
  booktitle={14th $\{$USENIX$\}$ Symposium on Networked Systems Design and Implementation ($\{$NSDI$\}$ 17)},
  pages={699--718},
  year={2017}
}

